@ONLINE {Study1,
    author = "Josefine, Heinemann",
    title  = "Jonathan erstes Training",
    month  = "nov",
    year   = "2011",
    url    = "https://lichess.org/study/O0Tf7X82"
}

@ONLINE {Study2,
    author = "Josefine, Heinemann",
    title  = "Jonathan 15.12.: Kapitel 1",
    month  = "jul",
    year   = "2019",
    url    = "https://lichess.org/study/i5AxLhAN"
}